<record><leader>00000cas a2200000 a 4500</leader><controlfield tag="001">13695555</controlfield><controlfield tag="008">860606c19109999txuwr ne      0    0eng d</controlfield><datafield ind1=" " ind2=" " tag="010"><subfield code="a">sn 86064253 </subfield></datafield><datafield ind1=" " ind2=" " tag="040"><subfield code="a">KSH</subfield><subfield code="b">eng</subfield><subfield code="c">KSH</subfield><subfield code="d">NPT</subfield><subfield code="d">PPM</subfield><subfield code="d">OCL</subfield><subfield code="d">OCLCQ</subfield></datafield><datafield ind1=" " ind2=" " tag="019"><subfield code="a">14077176</subfield></datafield><datafield ind1=" " ind2=" " tag="042"><subfield code="a">msc</subfield></datafield><datafield ind1="0" ind2="4" tag="245"><subfield code="a">The Foard County news and Crowell index.</subfield></datafield><datafield ind1="1" ind2="7" tag="246"><subfield code="a">Foard County news</subfield></datafield><datafield ind1=" " ind2=" " tag="260"><subfield code="a">Crowell, Tex. :</subfield><subfield code="b">Kimsey &amp; Klepper</subfield></datafield><datafield ind1=" " ind2=" " tag="300"><subfield code="a">v. :</subfield><subfield code="b">ill. ;</subfield><subfield code="c">56 cm.</subfield></datafield><datafield ind1=" " ind2=" " tag="310"><subfield code="a">Weekly</subfield></datafield><datafield ind1="1" ind2=" " tag="362"><subfield code="a">Began in 1910.</subfield></datafield><datafield ind1=" " ind2=" " tag="515"><subfield code="a">Continues numbering of Foard County news.</subfield></datafield><datafield ind1=" " ind2=" " tag="580"><subfield code="a">Formed by the union of: Foard County news, and: Crowell index, 1910.</subfield></datafield><datafield ind1=" " ind2=" " tag="588"><subfield code="a">Description based on: Vol. 20, no. 13 (July 1, 1910).</subfield></datafield><datafield ind1=" " ind2=" " tag="752"><subfield code="a">United States</subfield><subfield code="b">Texas</subfield><subfield code="c">Foard</subfield><subfield code="d">Crowell.</subfield></datafield><datafield ind1="1" ind2="4" tag="780"><subfield code="t">Foard County news (Crowell, Tex.: 1891)</subfield></datafield><datafield ind1="1" ind2="4" tag="780"><subfield code="t">Crowell index</subfield></datafield><datafield ind1="1" ind2=" " tag="029"><subfield code="a">AU@</subfield><subfield code="b">000022170262</subfield></datafield></record>